<record><leader>00000cas a22000007a 4500</leader><controlfield tag="001">10134067</controlfield><controlfield tag="008">831116d19uu200uilucr ne      0   a0eng d</controlfield><datafield ind1=" " ind2=" " tag="010"><subfield code="a">sn 83003543 </subfield></datafield><datafield ind1=" " ind2=" " tag="040"><subfield code="a">NSD</subfield><subfield code="b">eng</subfield><subfield code="c">NSD</subfield><subfield code="d">OCLCQ</subfield><subfield code="d">NSD</subfield><subfield code="d">OCLCQ</subfield><subfield code="d">NVF</subfield></datafield><datafield ind1=" " ind2=" " tag="012"><subfield code="m">d</subfield></datafield><datafield ind1="1" ind2=" " tag="022"><subfield code="a">0746-519X</subfield><subfield code="l">0746-519X</subfield><subfield code="2">1</subfield></datafield><datafield ind1=" " ind2=" " tag="042"><subfield code="a">nsdp</subfield></datafield><datafield ind1="0" ind2=" " tag="130"><subfield code="a">Star (Park Forest ed.)</subfield></datafield><datafield ind1=" " ind2="4" tag="222"><subfield code="a">The Star</subfield><subfield code="b">(Park Forest [ed.])</subfield></datafield><datafield ind1="1" ind2="4" tag="245"><subfield code="a">The Star.</subfield></datafield><datafield ind1=" " ind2=" " tag="260"><subfield code="a">[Park Forest, Ill.? :</subfield><subfield code="b">S.n.]</subfield></datafield><datafield ind1=" " ind2=" " tag="310"><subfield code="a">Twice weekly</subfield></datafield><datafield ind1=" " ind2=" " tag="588"><subfield code="a">Description based on: Vol. 34, no. 40 (Sunday, Oct. 16, 1983).</subfield></datafield><datafield ind1=" " ind2=" " tag="752"><subfield code="a">United States</subfield><subfield code="b">Illinois</subfield><subfield code="c">Cook</subfield><subfield code="d">Park Forest.</subfield></datafield><datafield ind1=" " ind2=" " tag="752"><subfield code="a">United States</subfield><subfield code="b">Illinois</subfield><subfield code="c">Will</subfield><subfield code="d">Park Forest.</subfield></datafield><datafield ind1="0" ind2="0" tag="780"><subfield code="t">Park Forest star</subfield></datafield><datafield ind1="0" ind2="4" tag="785"><subfield code="t">Southtown star</subfield><subfield code="x">1941-3483</subfield><subfield code="w">(DLC)  2008215567</subfield><subfield code="w">(OCoLC)190864351</subfield></datafield><datafield ind1=" " ind2=" " tag="936"><subfield code="a">Oct. 16, 1983</subfield></datafield></record>